@article{Frimmer_2014,
   title={The classical Bloch equations},
   volume={82},
   ISSN={1943-2909},
   url={http://dx.doi.org/10.1119/1.4878621},
   DOI={10.1119/1.4878621},
   number={10},
   journal={American Journal of Physics},
   publisher={American Association of Physics Teachers (AAPT)},
   author={Frimmer, Martin and Novotny, Lukas},
   year={2014},
   month=oct, pages={947â€“954}
}
@book{smith2010waves,
  title={Waves and Oscillations: A Prelude to Quantum Mechanics},
  author={Smith, W.F.},
  isbn={9780199742127},
  lccn={2009028586},
  url={https://api.semanticscholar.org/CorpusID:118019131},
  year={2010},
  publisher={Oxford University Press}
}
